@book{9784339033656,
  author         = {小畑秀文 and 浜田望 and 田村安孝},
  % editor         = {計測自動制御学会},
  publisher      = {コロナ社},
  title          = {信号処理入門},
  year           = {2007}
}

@misc{liner-sys,
  author       = {田村安孝},
  howpublished = {\url{http://tamlab.web.fc2.com/Ls.html}},
  title        = {線形システム基礎 講義資料},
  year         = {2018}
}

@unpublished{wakatuki,
  author = {若槻尚斗},
  note   = {\empty},
  title  = {ディジタル信号処理 講義資料},
  year   = {2023}
}